<record><leader>00000cas a2200000 a 4500</leader><controlfield tag="001">12141264</controlfield><controlfield tag="008">850611c19249999ksudr ne      0    0eng c</controlfield><datafield ind1=" " ind2=" " tag="010"><subfield code="a">sn 85031577 </subfield></datafield><datafield ind1=" " ind2=" " tag="040"><subfield code="a">KSH</subfield><subfield code="b">eng</subfield><subfield code="c">KSH</subfield><subfield code="d">NPT</subfield><subfield code="d">OCL</subfield><subfield code="d">CUI</subfield><subfield code="d">OCLCQ</subfield><subfield code="d">OCLCF</subfield></datafield><datafield ind1="1" ind2=" " tag="029"><subfield code="a">AU@</subfield><subfield code="b">000025833424</subfield></datafield><datafield ind1=" " ind2=" " tag="042"><subfield code="a">pcc</subfield></datafield><datafield ind1=" " ind2=" " tag="043"><subfield code="a">n-us-ks</subfield></datafield><datafield ind1=" " ind2="4" tag="050"><subfield code="a">AN256</subfield><subfield code="b">.D43</subfield></datafield><datafield ind1="0" ind2=" " tag="130"><subfield code="a">Council Grove republican (Council Grove, Kan. : Daily)</subfield></datafield><datafield ind1="1" ind2="0" tag="245"><subfield code="a">Council Grove republican.</subfield></datafield><datafield ind1=" " ind2=" " tag="260"><subfield code="a">Council Grove, Kan. :</subfield><subfield code="b">Jack Lawrence,</subfield><subfield code="c">1924-</subfield></datafield><datafield ind1=" " ind2=" " tag="300"><subfield code="a">v. :</subfield><subfield code="b">ill. ;</subfield><subfield code="c">56 cm.</subfield></datafield><datafield ind1=" " ind2=" " tag="310"><subfield code="a">Daily (except Sunday)</subfield></datafield><datafield ind1="0" ind2=" " tag="362"><subfield code="a">52nd year, no. 2 (Sept. 1, 1924)-</subfield></datafield><datafield ind1=" " ind2=" " tag="500"><subfield code="a">Published by Don A. McNeal &amp; Craig A. McNeal, Feb. 28, 1975-</subfield></datafield><datafield ind1=" " ind2="0" tag="651"><subfield code="a">Council Grove (Kan.)</subfield><subfield code="v">Newspapers.</subfield></datafield><datafield ind1=" " ind2="0" tag="651"><subfield code="a">Morris County (Kan.)</subfield><subfield code="v">Newspapers.</subfield></datafield><datafield ind1=" " ind2="7" tag="655"><subfield code="a">Newspapers.</subfield><subfield code="2">fast</subfield><subfield code="0">(OCoLC)fst01423814</subfield></datafield><datafield ind1=" " ind2="7" tag="651"><subfield code="a">Kansas</subfield><subfield code="z">Council Grove.</subfield><subfield code="2">fast</subfield><subfield code="0">(OCoLC)fst01275458</subfield></datafield><datafield ind1=" " ind2="7" tag="651"><subfield code="a">Kansas</subfield><subfield code="z">Morris County.</subfield><subfield code="2">fast</subfield><subfield code="0">(OCoLC)fst01217672</subfield></datafield><datafield ind1=" " ind2=" " tag="752"><subfield code="a">United States</subfield><subfield code="b">Kansas</subfield><subfield code="c">Morris</subfield><subfield code="d">Council Grove.</subfield></datafield><datafield ind1="0" ind2="4" tag="780"><subfield code="t">Daily guard (Council Grove, Kan.)</subfield><subfield code="w">(DLC)sn 85030479</subfield><subfield code="w">(OCoLC)12141220</subfield></datafield><datafield ind1="0" ind2="4" tag="780"><subfield code="t">Council Grove republican (Council Grove, Kan. : Weekly)</subfield><subfield code="w">(DLC)sn 85030478</subfield><subfield code="w">(OCoLC)12146343</subfield></datafield></record>